@article{bradshaw2013big,
  title={Big data and what it means},
  author={Bradshaw, Leslie},
  journal={Business Horizon Quarterly},
  organization={US Chamber of Commerce Foundation},
  howpublished={\url{https://www.uschamberfoundation.org/bhq/big-data-and-what-it-means}},
  year={2013},
  number={7},
  pages={32--35}
}
@inproceedings{shvachko2010hadoop,
  title={The {Hadoop} distributed file system},
  author={Shvachko, Konstantin and Kuang, Hairong and Radia, Sanjay and Chansler, Robert},
  booktitle={2010 IEEE 26th Symposium on Mass Storage Systems and Technologies},
  address={Piscataway},
  pages={1--10},
  year={2010},
  organization={IEEE}
}
@inproceedings{weil2006ceph,
  title={Ceph: a scalable, high-performance distributed file system},
  author={Weil, Sage A and Brandt, Scott A and Miller, Ethan L and Long, Darrell DE and Maltzahn, Carlos},
  booktitle={Proceeding of the 7th Conference on Operating Systems Design and Implementation},
  address={Berkeley},
  organization={USENIX Association},
  pages={307--320},
  year={2006}
}
@article{reed1960polynomial,
  title={Polynomial codes over certain finite fields},
  author={Reed, Irving S and Solomon, Gustave},
  journal={Journal of the Society for Industrial and Applied Mathematics},
  volume={8},
  number={2},
  pages={300--304},
  year={1960},
  publisher={SIAM}
}
@inproceedings{rashmi2013solution,
  title={A solution to the network challenges of data recovery in erasurecoded distributed storage systems: a study on the {Facebook} warehouse cluster},
  author={Rashmi, KV and Shah, Nihar B and Gu, Dikang and Kuang, Hairong and Borthakur, Dhruba and Ramchandran, Kannan},
  booktitle={5th {USENIX} Workshop on Hot Topics in Storage and File Systems},
  address={Berkeley},
  organization={USENIX Association},
  year={2013}
}
@article{liu2018g,
  title={{G-CRS}: {GPU} Accelerated {Cauchy} {Reed}-{Solomon} Coding},
  author={Liu, Chengjian and Wang, Qiang and Chu, Xiaowen and Leung, Yiu-Wing},
  journal={IEEE Transactions on Parallel and Distributed Systems},
  volume={29},
  number={7},
  pages={1484--1498},
  year={2018},
  publisher={IEEE}
}
@inproceedings{arafa2018evaluating,
  title={Evaluating the Fault Tolerance Performance of {HDFS} and {Ceph}},
  author={Arafa, Yehia and Barai, Atanu and Zheng, Mai and Badawy, Abdel-Hameed A},
  booktitle={Proceedings of the Practice and Experience on Advanced Research Computing},
  address={New York},
  publisher={ACM},
  pages={1--3},
  year={2018}
}
@article{fan2019new,
  title={A New Erasure Code Decoding Algorithm},
  author={Fan, Di and Xiao, Feng and Tang, Dan},
  journal={International Journal of Network Security},
  volume={21},
  number={3},
  pages={522--529},
  year={2019},
  publisher={Femto Technology}
}
@inproceedings{kadekodi2019cluster,
  title={Cluster storage systems gotta have {HeART}: improving storage efficiency by exploiting disk-reliability heterogeneity},
  author={Kadekodi, Saurabh and Rashmi, KV and Ganger, Gregory R},
  booktitle={17th {USENIX} Conference on File and Storage Technologies},
  address={Berkeley},
  organization={USENIX Association},
  pages={345--358},
  year={2019}
}
@inproceedings{zhou2019fast,
  title={Fast erasure coding for data storage: a comprehensive study of the acceleration techniques},
  author={Zhou, Tianli and Tian, Chao},
  booktitle={17th {USENIX} Conference on File and Storage Technologies},
  address={Berkeley},
  organization={USENIX Association},
  pages={317--329},
  year={2019}
}
@inproceedings{gutierrez2017ustorage,
  title={{uStorage} - a Storage Architecture to Provide Block-Level Storage Through Object-Based Storage},
  author={Gutierrez, Felipe Oliveira and Garcia, Vinicius Cardoso and Cardoso, Jose Fernando S and Jamir, Thiago and Neto, Josino R and Assad, Rodrigo and Barreto, Marcos},
  booktitle={Service-Oriented and Cloud Computing},
  pages={213--228},
  year={2017},
  address={Berlin},
  organization={Springer}
}
@inproceedings{abebe2018ec,
  title={{EC-Store}: bridging the Gap between Storage and Latency in Distributed Erasure Coded Systems},
  author={Abebe, Michael and Daudjee, Khuzaima and Glasbergen, Brad and Tian, Yuanfeng},
  booktitle={2018 IEEE 38th International Conference on Distributed Computing Systems},
  pages={255--266},
  year={2018},
  address={Piscataway},
  organization={IEEE}
}
@inproceedings{li2017locofs,
  title={{LocoFS}: a loosely-coupled metadata service for distributed file systems},
  author={Li, Siyang and Lu, Youyou and Shu, Jiwu and Hu, Yang and Li, Tao},
  booktitle={Proceedings of the International Conference for High Performance Computing, Networking, Storage and Analysis},
  address={New York},
  publisher={ACM},
  pages={1--12},
  year={2017}
}
@article{xiang2015joint,
  title={Joint latency and cost optimization for erasure-coded data center storage},
  author={Xiang, Yu and Lan, Tian and Aggarwal, Vaneet and Chen, Yih-Farn R},
  journal={IEEE/ACM Transactions on Networking},
  volume={24},
  number={4},
  pages={2443--2457},
  year={2015},
  publisher={IEEE}
}
@article{ma2015raidshield,
  title={{RAIDShield}: characterizing, monitoring, and proactively protecting against disk failures},
  author={Ma, Ao and Traylor, Rachel and Douglis, Fred and Chamness, Mark and Lu, Guanlin and Sawyer, Darren and Chandra, Surendar and Hsu, Windsor},
  journal={ACM Transactions on Storage},
  volume={11},
  number={4},
  pages={1--28},
  year={2015},
  publisher={ACM}
}
@article{allen2004monitoring,
  title={Monitoring hard disks with smart},
  author={Allen, Bruce},
  journal={Linux Journal},
  volume={2004},
  number={117},
  pages={9},
  year={2004},
  publisher={Belltown Media}
}
@mastersthesis{liu2018implementation,
  title={Implementation of {QoE} Optimization Design for Real Time Streaming Media System},
  author={Liu, Zheng},
  year={2018},
  school={University of Science and Technology of China},
  address={Hefei}
}
@inproceedings{pinheiro2007failure,
  title={Failure trends in a large disk drive population},
  author={Pinheiro, Eduardo and Weber, Wolf-Dietrich and Barroso, Luiz Andr{\'e}},
  booktitle={5th {USENIX} Conference on File and Storage Technologies},
  address={Berkeley},
  organization={USENIX Association},
  year={2007}
}
@misc{amazon2020amazon,
  title={Amazon {S3} {FAQs}},
  year={2020},
  author={Amazon},
  howpublished={\url{https://aws.amazon.com/s3/faqs/}}
}
@misc{microsoft2020azure,
  title={{Azure} {Storage} redundancy},
  year={2020},
  author={Microsoft},
  howpublished={\url{https://docs.microsoft.com/en-us/azure/storage/common/storage-redundancy}}
}
@article{bairavasundaram2008analysis,
  title={An analysis of data corruption in the storage stack},
  author={Bairavasundaram, Lakshmi N and Arpaci-Dusseau, Andrea C and Arpaci-Dusseau, Remzi H and Goodson, Garth R and Schroeder, Bianca},
  journal={ACM Transactions on Storage},
  volume={4},
  number={3},
  pages={1--28},
  year={2008},
  publisher={ACM}
}
@article{roth1989mds,
  title={On {MDS} codes via {Cauchy} matrices},
  author={Roth, Ron M and Lempel, Abraham},
  journal={IEEE Transactions on Information Theory},
  volume={35},
  number={6},
  pages={1314--1319},
  year={1989},
  publisher={IEEE}
}
@article{luo2012summary,
  title={Summary of Research for Erasure Code in Storage System},
  author={Luo, Xianghong and Shu, Jiwu},
  journal={Journal of Computer Research and Development},
  volume={49},
  number={1},
  pages={1--11},
  year={2012}
}
@article{blaum1995evenodd,
  title={{EVENODD}: an efficient scheme for tolerating double disk failures in {RAID} architectures},
  author={Blaum, Mario and Brady, Jim and Bruck, Jehoshua and Menon, Jai},
  journal={IEEE Transactions on Computers},
  volume={44},
  number={2},
  pages={192--202},
  year={1995},
  publisher={IEEE}
}
@inproceedings{corbett2004row,
  title={Row-diagonal parity for double disk failure correction},
  author={Corbett, Peter and English, Bob and Goel, Atul and Grcanac, Tomislav and Kleiman, Steven and Leong, James and Sankar, Sunitha},
  booktitle={3rd {USENIX} Conference on File and Storage Technologies},
  pages={1--14},
  year={2004},
  address={Berkeley},
  organization={USENIX Association}
}
@inproceedings{feng2010eeo,
  title={{EEO}: an efficient {MDS}-like {RAID}-6 code for parallel implementation},
  author={Feng, Jun and Chen, Yu and Summerville, Douglas},
  booktitle={2010 IEEE Sarnoff Symposium},
  pages={1--5},
  year={2010},
  address={Piscataway},
  organization={IEEE}
}
@inproceedings{plank2008raid,
  title={The {RAID}-6 liberation codes},
  author={Plank, James S},
  booktitle={6th {USENIX} Conference on File and Storage Technologies},
  pages={97--110},
  year={2008},
  address={Berkeley},
  organization={USENIX Association}
}
@article{huang2008star,
  title={{STAR}: an Efficient Coding Scheme for Correcting Triple Storage Node Failures},
  author={Huang, Cheng and Xu, Lihao},
  journal={IEEE Transactions on Computers},
  volume={57},
  number={7},
  pages={889--901},
  year={2008},
  publisher={IEEE}
}
@article{xu1999x,
  title={X-code: {MDS} array codes with optimal encoding},
  author={Xu, Lihao and Bruck, Jehoshua},
  journal={IEEE Transactions on Information Theory},
  volume={45},
  number={1},
  pages={272--276},
  year={1999},
  publisher={IEEE}
}
@inproceedings{jin2009p,
  title={P-Code: A new {RAID}-6 code with optimal properties},
  author={Jin, Chao and Jiang, Hong and Feng, Dan and Tian, Lei},
  booktitle={Proceedings of the 23rd International Conference on Supercomputing},
  address={New York},
  publisher={ACM},
  pages={360--369},
  year={2009}
}
@inproceedings{hafner2005weaver,
  title={{WEAVER} Codes: highly fault tolerant erasure codes for storage systems},
  author={Hafner, James Lee},
  year={2005},
  booktitle={4th {USENIX} Conference on File and Storage Technologies},
  pages={211-224},
  address={Berkeley},
  organization={USENIX Association}
}
@article{shen2015hv,
  title={{HV} Code: an All-Around {MDS} Code for {RAID}-6 Storage Systems},
  author={Shen, Zhirong and Shu, Jiwu and Fu, Yingxun},
  journal={IEEE Transactions on Parallel and Distributed Systems},
  volume={27},
  number={6},
  pages={1674--1686},
  year={2015},
  publisher={IEEE}
}
@article{xiang2011hybrid,
  title={A Hybrid Approach to Failed Disk Recovery Using {RAID}-6 Codes: algorithms and performance evaluation},
  author={Xiang, Liping and Xu, Yinlong and Lui, John CS and Chang, Qian and Pan, Yubiao and Li, Runhui},
  journal={ACM Transactions on Storage},
  volume={7},
  number={3},
  pages={1--34},
  year={2011},
  publisher={ACM}
}
@article{gallager1962low,
  title={Low-density parity-check codes},
  author={Gallager, Robert},
  journal={IRE Transactions on Information Theory},
  volume={8},
  number={1},
  pages={21--28},
  year={1962},
  publisher={IEEE}
}
@article{tanner1981recursive,
  title={A recursive approach to low complexity codes},
  author={Tanner, R},
  journal={IEEE Transactions on Information Theory},
  volume={27},
  number={5},
  pages={533--547},
  year={1981},
  publisher={IEEE}
}
@article{mackay1997near,
  title={Near Shannon limit performance of low density parity check codes},
  author={MacKay, David JC and Neal, Radford M},
  journal={Electronics letters},
  volume={33},
  number={6},
  pages={457--458},
  year={1997},
  publisher={IET}
}
@article{li2013erasure,
  title={Erasure coding for cloud storage systems: a survey},
  author={Li, Jun and Li, Baochun},
  journal={Tsinghua Science and Technology},
  volume={18},
  number={3},
  pages={259--272},
  year={2013},
  publisher={TUP}
}
@article{plank2014sector,
  title={Sector-disk ({SD}) erasure codes for mixed failure modes in {RAID} systems},
  author={Plank, James S and Blaum, Mario},
  journal={ACM Transactions on Storage},
  volume={10},
  number={1},
  pages={1--17},
  year={2014},
  publisher={ACM}
}
@inproceedings{huang2012erasure,
  title={Erasure Coding in {Windows} {Azure} {Storage}},
  author={Huang, Cheng and Simitci, Huseyin and Xu, Yikang and Ogus, Aaron and Calder, Brad and Gopalan, Parikshit and Li, Jin and Yekhanin, Sergey},
  booktitle={2012 {USENIX} Annual Technical Conference},
  pages={15--26},
  address={Berkeley},
  organization={USENIX Association},
  year={2012}
}
@inproceedings{wilcox2008tahoe,
  title={Tahoe: the least-authority filesystem},
  author={Wilcox-O'Hearn, Zooko and Warner, Brian},
  booktitle={Proceedings of the 4th ACM International Workshop on Storage Security and Survivability},
  address={New York},
  publisher={ACM},
  pages={21--26},
  year={2008}
}
@article{zhang2019nade,
  title={{NADE}: nodes performance awareness and accurate distance evaluation for degraded read in heterogeneous distributed erasure code-based storage},
  author={Zhang, Xingjun and Cai, Yi and Liu, Yunfei and Xu, Zhiwei and Dong, Xiaoshe},
  journal={The Journal of Supercomputing},
  pages={1--30},
  year={2019},
  publisher={Springer}
}
@inproceedings{chen2017erasure,
  title={Erasure code of small file in a distributed file system},
  author={Chen, Xinhai and Liu, Jie and Xie, Peizhen},
  booktitle={2017 3rd IEEE International Conference on Computer and Communications},
  pages={2549--2554},
  year={2017},
  address={Piscataway},
  organization={IEEE}
}
@inproceedings{aghayev2019file,
  title={File systems unfit as distributed storage backends: lessons from 10 years of {Ceph} evolution},
  author={Aghayev, Abutalib and Weil, Sage and Kuchnik, Michael and Nelson, Mark and Ganger, Gregory R and Amvrosiadis, George},
  booktitle={Proceedings of the 27th ACM Symposium on Operating Systems Principles},
  address={New York},
  publisher={ACM},
  pages={353--369},
  year={2019}
}
@inproceedings{yuan2019research,
  title={Research on Multi-fault-tolerant {MDS} Array Erasure code},
  author={Yuan, Wei and Yu, Ying and Gao, Yan and Tang, Dan},
  booktitle={Journal of Physics: Conference Series},
  volume={1237},
  number={2},
  pages={022015},
  year={2019},
  address={Bristol},
  organization={IOP Publishing}
}
@inproceedings{wetzel2017virtual,
  title={A virtual filesystem approach to storage, analysis and delivery of volumetric image data for connectomics},
  author={Wetzel, Arthur W and Hood, Greg and Ropelewski, Alexander J},
  booktitle={2017 IEEE Applied Imagery Pattern Recognition Workshop},
  pages={1--4},
  year={2017},
  address={Piscataway},
  organization={IEEE}
}
@inproceedings{xu2018improving,
  title={Improving service availability of cloud systems by predicting disk error},
  author={Xu, Yong and Sui, Kaixin and Yao, Randolph and Zhang, Hongyu and Lin, Qingwei and Dang, Yingnong and Li, Peng and Jiang, Keceng and Zhang, Wenchi and Lou, Jian-Guang and others},
  booktitle={2018 {USENIX} Annual Technical Conference},
  address={Berkeley},
  organization={USENIX Association},
  pages={481--494},
  year={2018}
}
@inproceedings{mahdisoltani2017proactive,
  title={Proactive error prediction to improve storage system reliability},
  author={Mahdisoltani, Farzaneh and Stefanovici, Ioan and Schroeder, Bianca},
  booktitle={2017 {USENIX} Annual Technical Conference},
  address={Berkeley},
  organization={USENIX Association},
  pages={391--402},
  year={2017}
}
@inproceedings{dos2017predicting,
  title={Predicting Failures in Hard Drives with {LSTM} Networks},
  author={dos Santos Lima, Fernando Dione and Amaral, Gabriel Maia Rocha and de Moura Leite, Lucas Goncalves and Gomes, Jo{\~a}o Paulo Pordeus and de Castro Machado, Javam},
  booktitle={2017 Brazilian Conference on Intelligent Systems},
  pages={222--227},
  year={2017},
  address={Piscataway},
  organization={IEEE}
}
@inproceedings{chaves2018hard,
  title={Hard Disk Drive Failure Prediction Method Based On A {Bayesian} Network},
  author={Chaves, Iago C and de Paula, Manoel Rui P and Leite, Lucas GM and Gomes, Joao Paulo P and Machado, Javam C},
  booktitle={2018 International Joint Conference on Neural Networks},
  pages={1--7},
  year={2018},
  address={Piscataway},
  organization={IEEE}
}
@inproceedings{botezatu2016predicting,
  title={Predicting disk replacement towards reliable data centers},
  author={Botezatu, Mirela Madalina and Giurgiu, Ioana and Bogojeska, Jasmina and Wiesmann, Dorothea},
  booktitle={Proceedings of the 22nd ACM SIGKDD International Conference on Knowledge Discovery and Data Mining},
  address={New York},
  publisher={ACM},
  pages={39--48},
  year={2016}
}
@inproceedings{anantharaman2018large,
  title={Large scale predictive analytics for hard disk remaining useful life estimation},
  author={Anantharaman, Preethi and Qiao, Mu and Jadav, Divyesh},
  booktitle={2018 IEEE International Congress on Big Data},
  pages={251--254},
  year={2018},
  address={Piscataway},
  organization={IEEE}
}
@inproceedings{lu2020making,
  title={Making Disk Failure Predictions {SMARTer}!},
  author={Lu, Sidi and Luo, Bing and Patel, Tirthak and Yao, Yongtao and Tiwari, Devesh and Shi, Weisong},
  booktitle={18th {USENIX} Conference on File and Storage Technologies},
  address={Berkeley},
  organization={USENIX Association},
  pages={151--167},
  year={2020}
}
@article{chen2017ahdfs,
  title={{aHDFS}: an erasure-coded data archival system for {Hadoop} clusters},
  author={Chen, Yuanqi and Zhou, Yi and Taneja, Shubbhi and Qin, Xiao and Huang, Jianzhong},
  journal={IEEE Transactions on Parallel and Distributed Systems},
  volume={28},
  number={11},
  pages={3060--3073},
  year={2017},
  publisher={IEEE}
}
@inproceedings{xie2019az,
  title={{AZ}-Code: an Efficient Availability Zone Level Erasure Code to Provide High Fault Tolerance in Cloud Storage Systems},
  author={Xie, Xin and Wu, Chentao and Gu, Junqing and Qiu, Han and Li, Jie and Guo, Minyi and He, Xubin and Dong, Yuanyuan and Zhao, Yafei},
  booktitle={2019 35th Symposium on Mass Storage Systems and Technologies},
  pages={230--243},
  year={2019},
  address={Piscataway},
  organization={IEEE}
}
@article{wei2018new,
  title={A new adaptive coding selection method for distributed storage systems},
  author={Wei, Bing and Xiao, Li-Min and Wei, Wei and Song, Yao and Zhou, Bing-Yu},
  journal={IEEE Access},
  volume={6},
  pages={13350--13357},
  year={2018},
  publisher={IEEE}
}
@inproceedings{haddock2017gpu,
  title={{GPU} erasure coding for campaign storage},
  author={Haddock, Walker and Curry, Matthew L and Bangalore, Purushotham V and Skjellum, Anthony},
  booktitle={High Performance Computing},
  pages={145--159},
  year={2017},
  address={Berlin},
  organization={Springer}
}
@inproceedings{drucker2018comeback,
  title={The comeback of {Reed} {Solomon} codes},
  author={Drucker, Nir and Gueron, Shay and Krasnov, Vlad},
  booktitle={2018 IEEE 25th Symposium on Computer Arithmetic},
  pages={125--129},
  year={2018},
  address={Piscataway},
  organization={IEEE}
}
@inproceedings{li2019openec,
  title={{OpenEC}: toward unified and configurable erasure coding management in distributed storage systems},
  author={Li, Xiaolu and Li, Runhui and Lee, Patrick PC and Hu, Yuchong},
  booktitle={17th {USENIX} Conference on File and Storage Technologies},
  address={Berkeley},
  organization={USENIX Association},
  pages={331--344},
  year={2019}
}
@article{andronikou2012dynamic,
  title={Dynamic {QoS}-aware data replication in grid environments based on data ``importance''},
  author={Andronikou, Vassiliki and Mamouras, Konstantinos and Tserpes, Konstantinos and Kyriazis, Dimosthenis and Varvarigou, Theodora},
  journal={Future Generation Computer Systems},
  volume={28},
  number={3},
  pages={544--553},
  year={2012},
  publisher={Elsevier}
}
@article{kumar2018detailed,
  title={A Detailed Study on {LDPC} Encoding Techniques},
  author={Kumar, V Anand and Nandalal, V},
  journal={Wireless Communication Technology},
  volume={2},
  number={2},
  pages={1},
  year={2018}
}
@inproceedings{xie2019n,
  title={N-Code: an Optimal {RAID}-6 {MDS} Array Code for Load Balancing and High {I/O} Performance},
  author={Xie, Ping and Yuan, Zhu and Huang, Jianzhong and Qin, Xiao},
  booktitle={Proceedings of the 48th International Conference on Parallel Processing},
  address={New York},
  publisher={ACM},
  pages={1--10},
  year={2019}
}
